@misc{music_vae,
  title         = {A Hierarchical Latent Vector Model for Learning Long-Term Structure in Music},
  author        = {Adam Roberts and Jesse Engel and Colin Raffel and Curtis Hawthorne and Douglas Eck},
  year          = {2019},
  eprint        = {1803.05428},
  archiveprefix = {arXiv},
  primaryclass  = {cs.LG}
}

@misc{jeden,
  howpublished = {\url{https://pl.wikipedia.org/wiki/Migracja_ludno%C5%9Bci}},
  note         = {[Online;]}
}

@article{Greenwood1985HumanMT,
  title   = {Human migration: theory, models, and empirical studies.},
  author  = {Michael J. Greenwood},
  journal = {Journal of regional science},
  year    = {1985},
  volume  = {25 4},
  pages   = {
             521-44
             }
}